@article{plumb2005,
  author     = {Plumb, K},
  title      = {Continuous processing in the pharmaceutical industry: changing the mind set},
  journal    = {Chem Eng Res Des},
  year       = {2005},
  volume     = {83},
  number     = {6},
  pages      = {730--738},
}

@article{singh2012,
  author     = {Singh, R and Ierapetritou, M and Ramachandran, R},
  title      = {Continuous processing in the pharmaceutical industry: changing the mind set},
  journal    = {Int J Pharm},
  year       = {2012},
  volume     = {438},
  number     = {1--2},
  pages      = {307--326},
}

@article{cole2018,
  author     = {Cole, K P and Johnson, M D},
  title      = {Continuous flow technology vs. the batch-by-batch approach to produce pharmaceutical compound},
  journal    = {Expert Rev Clin Pharmacol},
  year       = {2018},
  volume     = {11},
  number     = {1},
  pages      = {5--13},
}

@article{markarian2021,
  author     = {Markarian, J},
  title      = {Advanced Manufacturing Technologies Shift Outside the Box},
  journal    = {Pharm Tech},
  year       = {2021},
  volume     = {45},
  number     = {4},
  pages      = {16--19},
}

@book{smith1995,
  author     = {Smith, R and Smith, R},
  title      = {Chemical Process Design},
  address    = {New York},
  publisher  = {McGraw Hill},
  year       = {1995},
}

@article{pisti1995,
  author     = {Pistikopoulos, E N},
  title      = {Uncertainty in process design and operations},
  journal    = {Chem Eng Res Des},
  year       = {1995},
  volume     = {19},
  pages      = {553--563},
}

@article{ulas2004,
    author = {Ulas, S and Diwekar, U M},
	title = {Thermodynamic uncertainties in batch processing and optimal control},
	volume = {28},
	number = {11},
	journal = {Comput \& Chem Eng},
	year = {2004},
	pages = {2245--2258},
}

@article{borukhova2016,
	title = {From alcohol to {1,2,3-}triazole via a multi-step continuous-flow synthesis of a rufinamide precursor},
	volume = {18},
	number = {18},
	journal = {Green Chem},
	author = {Borukhova, S and Noel, T and Metten, E and Hessel, V},
	year = {2016},
	pages = {4947--4953},
}

@article{diab2018,
    author = {Diab, S and Gerogiorgis, D I},
	title = {Process modelling, simulation and technoeconomic evaluation of crystallisation antisolvents for the continuous pharmaceutical manufacturing of rufinamide},
	volume = {111},
	journal = {Comput \& Chem Eng},
	year = {2018},
	pages = {102--114},
}

@article{ryu2020,
	title = {A generalized superstructure-based framework for process synthesis},
	volume = {133},
	journal = {Comput \& Chem Eng},
	author = {Ryu, J and Kong, L and Pastore, D L and Arthur, E and Maravelias, C T},
	year = {2020},
	pages = {106653},
}

@article{westerberg2004,
	title = {A retrospective on design and process synthesis},
	volume = {28},
	number = {4},
	journal = {Comput \& Chem Eng},
	author = {Westerberg, A W},
	year = {2004},
	pages = {447--458},
}

@article{matsunami2020,
	title = {Superstructure-based process synthesis and economic assessment under uncertainty for solid drug product manufacturing},
	volume = {2},
	number = {1},
	journal = {BMC Chem Eng},
	author = {Matsunami, K and Sternal, F and Yaginuma, K and Tanabe, S and Nakagawa, H and Sugiyama, H},
	year = {2020},
	pages = {6},
}

@article{papoulias1983,
	title = {A structural optimization approach in process synthesis-{I}: {Utility} systems},
	volume = {7},
	shorttitle = {A structural optimization approach in process synthesis-{I}},
	number = {6},
	journal = {Comput \& Chem Eng},
	author = {Papoulias, S A and Grossmann, I E},
	year = {1983},
	pages = {695--706},
}


@book{osti_293030,
    title = {Systematic methods for chemical process design},
    author = {Biegler, L T and Grossmann, I E and Westerberg, A W},
    address = {United States},
    year = {1997},
}

@article{masso1969,
	title = {The synthesis of system designs. {II}. {Heuristic} structuring},
	volume = {15},
    number = {1},
	journal = {AIChE J},
	author = {Masso, A H and Rudd, D F},
	year = {1969},
	pages = {10--17},
}

@article{mencarelli2020,
	title = {A review on superstructure optimization approaches in process system engineering},
	volume = {136},
	journal = {Comput \& Chem Eng},
	author = {Mencarelli, L and Chen, Q and Pagot, A and Grossmann, I E},
	year = {2020},
	pages = {106808},
}

@article{umeda1972,
  author          = {Umeda, T and Hirai, A and Ichikawa, A},
  journal         = {Chem Eng Sci},
  number          = {4},
  title           = {Synthesis of optimal processing system by an integrated approach},
  volume          = {27},
  year            = {1972}
}

@article{ahmetovic2011,
  title={Global superstructure optimization for the design of integrated process water networks},
  author={Ahmetovi{\'c}, E and Grossmann, I E},
  journal={AIChE J},
  volume={57},
  number={2},
  pages={434--457},
  year={2011},
}

@article{madenoor2018,
  author          = {Madenoor Ramapriya, G and Won, W and Maravelias, C T},
  journal         = {Chem Eng Res Des},
  title           = {A superstructure optimization approach for process synthesis under complex reaction networks},
  volume          = {137},
  year            = {2018},
  page            = {589--608}
}

@article{barnicki2004,
	title = {Process synthesis prospective},
	volume = {28},
	number = {4},
	journal = {Comput \& Chemi Eng},
	author = {Barnicki, S D and Siirola, J J},
	year = {2004},
	pages = {441--446},
}

@article{yeoman1999,
	title = {A systematic modeling framework of superstructure optimization in process synthesis},
	volume = {23},
	number = {6},
	journal = {Comput \& Chem Eng},
	author = {Yeomans, H and Grossmann, I E},
	year = {1999},
	pages = {709--731},
}

@article{kondili1993,
	title = {A general algorithm for short-term scheduling of batch operations-{I}. {MILP} formulation},
	volume = {17},
	number = {2},
	journal = {Comput \& Chem Eng},
	author = {Kondili, E and Pantelides, C C and Sargent, R W H},
	year = {1993},
	pages = {211--227},
}

@article{manuelrestrepo2021,
	title = {Advanced fuels from ethanol - a superstructure optimization approach},
	volume = {14},
	number = {1},
	urldate = {2024-03-22},
	journal = {Ener \& Environ Sci},
	author = {Manuel Restrepo-Fl{\'o}rez, J and Maravelias, C T},
	year = {2021},
	pages = {493--506},
}

@article{kilinc2018,
	title = {Exploiting integrality in the global optimization of mixed-integer nonlinear programming problems with {BARON}},
	volume = {33},
	number = {3},
	urldate = {2024-03-22},
	journal = {Optim Method \& Softw},
	author = {Kilinc, M R and Sahinidis, N V},
    year   = {2018},
	pages = {540--562},
}

@article{turkey1996,
  author          = {Turkay, M and Grossmann, I E},
  journal         = {Comput \& Chem Eng},
  number          = {8},
  title           = {Logic-based MINLP algorithms for the optimal synthesis of process networks},
  volume          = {20},
  year            = {1996},
  pages           = {959--978},
}

@article{raman1994,
  author          = {Raman, R and Grossmann, I E},
  journal         = {Comput \& Chem Eng},
  number          = {7},
  title           = {Modelling and computational techniques for logic based integer programming},
  volume          = {18},
  year            = {1994},
  pages           = {563--578},
}

@article{geoffrion1972,
  author          = {Geoffrion, A M},
  journal         = {J Optim Theory Appl},
  number          = {4},
  title           = {Generalized Benders Decomposition},
  volume          = {10},
  year            = {1972},
  pages           = {237--260},
}

@article{duran1986,
  author          = {Duran, M A and Grossmann, I E},
  journal         = {AIChE J},
  number          = {4},
  title           = {A mixed-integer nonlinear programming algorithm for process systems synthesis},
  volume          = {32},
  year            = {1986},
  pages           = {592--606},
}

@article{kocis1988,
  author          = {Kocis, G R and Grossmann, I E},
  journal         = {Ind Eng Chem Res},
  number          = {8},
  title           = {Global optimization of nonconvex mixed-integer nonlinear programming {(MINLP)} problems in process synthesis},
  volume          = {27},
  year            = {1988},
  pages           = {1407--1421},
}

@article{acevedo1998,
  author          = {Acevedo, J and Pistikopoulos, E N},
  journal         = {Comput \& Chem Eng},
  number          = {4--5},
  title           = {Stochastic optimization based algorithms for process synthesis under uncertainty},
  volume          = {22},
  year            = {1998},
  pages           = {647--671},
}

@article{halemane1983,
	title = {Optimal process design under uncertainty},
	volume = {29},
	number = {3},
	journal = {AIChE J},
	author = {Halemane, K P and Grossmann, I E},
	year = {1983},
	pages = {425--433},
}

@article{swaney1985,
	title = {An index for operational flexibility in chemical process design {Part} {I}: {Formulation} and theory},
	volume = {31},
	number = {4},
	journal = {AIChE J},
	author = {Swaney, R E and Grossmann, I E},
	year = {1985},
	pages = {621--630},
}

@article{ostrovsky2002,
  author          = {Ostrovsky, G M and Achenie, L E K and Karalapakkam, A M and et al.},
  journal         = {Optim Eng},
  number          = {1},
  title           = {Flexibility analysis of chemical processes: selected global optimization sub-problems},
  volume          = {2},
  year            = {2002},
  pages           = {31--52},
}

@book{bental2009,
  author         = {Ben-Tal, A and Ghaohi, L E and Nemirovski, A},
  publisher      = {Princeton University Press},
  title          = {Robust Optimization},
  address        = {Princeton},
  year           = {2009}
}


@article{bental2004,
	title = {Adjustable robust solutions of uncertain linear programs},
	volume = {99},
	number = {2},
	journal = {Math Program},
	author = {Ben-Tal, A and Goryashko, A and Guslitzer, E and Nemirovski, A},
	year = {2004},
	pages = {351--376},
}


@article{nan2023,
	title = {A two-stage robust generation expansion planning framework for regional integrated energy systems with carbon growth constraints},
	volume = {11},
	journal = {Front Energy Res},
	author = {Nan, J and Feng, J and Deng, X and et al.},
	year = {2023},
	pages = {1106628},
}

@article{zugno2016,
  author          = {Zugno, M and Miguel Morales, J and Madsen H},
  journal         = {Comput \& Oper Res},
  title           = {Commitment and dispatch of heat and power units via affinely adjustable robust optimization},
  volume          = {75},
  year            = {2016},
  pages           = {191--201},
}

@article{moreira2015,
  author={Moreira, A and Street, A and Arroyo, J M},
  journal={IEEE Transactions on Power Systems}, 
  title={An Adjustable Robust Optimization Approach for Contingency-Constrained Transmission Expansion Planning}, 
  year={2015},
  volume={30},
  number={4},
  pages={2013-2022},
}

@article{takeda2008,
  author          = {Takeda, A and Taguchi, S and Tutuncu, R H},
  journal         = {J Optim Theory Appl},
  number          = {2},
  title           = {Adjustable robust optimization models for a nonlinear two-period system},
  volume          = {136},
  year            = {2008}
}


@article{zeng2013,
	title = {Solving two-stage robust optimization problems using a column-and-constraint generation method},
	volume = {41},
	number = {5},
	journal = {Oper Res Let},
	author = {Zeng, B and Zhao, L},
	year = {2013},
	pages = {457--461},
}


@article{zhang2016,
	title = {An adjustable robust optimization approach to scheduling of continuous industrial processes providing interruptible load},
	volume = {86},
	urldate = {2024-03-22},
	journal = {Comput \& Chem Eng},
	author = {Zhang, Q and Morari, M F and Grossmann, I E and Sundaramoorthy, A and Pinto, J M},
	year = {2016},
	pages = {106--119},
}

@online{zhao2012,
	title = {An {Exact} {Algorithm} for {Two}-stage {Robust} {Optimization} with {Mixed} {Integer} {Recourse} {Problems}},
	author = {Zhao, L and Zeng, B},
	year = {2012},
	url = {https://optimization-online.org/wp-content/uploads/2012/01/3310.pdf}
}

@article{padmaja2018,
	title = {A {Short} {Review} on {Synthetic} {Advances} toward the {Synthesis} of {Rufinamide}, an {Antiepileptic} {Drug}},
	volume = {22},
	number = {4},
	journal = {Org. Process Res. Dev.},
	author = {Padmaja, R D and Chanda, K},
	year = {2018},
	pages = {457--466},
}

@article{gelonch2019,
	author = {Escriba-Gelonch, M and de Leon Izeppi, G A and Kirschneck, D and Hessel, V},
	title = {Multistep Solvent-Free {3} {m2} Footprint Pilot Miniplant for the Synthesis of Annual Half-Ton Rufinamide Precursor},
	journal = {ACS Sustain Chem \& Eng},
	volume = {7},
	number = {20},
	pages = {17237--17251},
	year = {2019},
}

@article{paz2018,
  author          = {Aguirre-De Paz, J G and Gonz{\'a}lez-Calder{\'a}n, D and Fuentes-Ben{\'i}tes, A and et al.},
  journal         = {Tetrahedron Letter},
  number          = {18},
  title           = {Exploring azide-enolate cycloaddition in the synthesis of novel Rufinamide analogs},
  volume          = {59},
  year            = {2018}
}

@article{chea2020,
	title = {Evaluation of {Solvent} {Recovery} {Options} for {Economic} {Feasibility} through a {Superstructure}-{Based} {Optimization} {Framework}},
	volume = {59},
	number = {13},
	journal = {Industrial Engineering Chemistry Research},
	author = {Chea, J D and Lehr, A L and Stengel, J P and Savelski, M J and Slater, C S and Yenkie, K M},
	year = {2020},
	pages = {5931--5944},
}

@article{gong2017,
	title = {Optimal processing network design under uncertainty for producing fuels and value-added bioproducts from microalgae: {Two}-stage adaptive robust mixed integer fractional programming model and computationally efficient solution algorithm},
	volume = {63},
	number = {2},
	journal = {AIChE J},
	author = {Gong, J and You, F},
	year = {2017},
	pages = {582--600},
}

@article{yuan2016,
	title = {Superstructure optimization of integrated fast pyrolysis-gasification for production of liquid fuels and propylene},
	volume = {62},
	number = {9},
	urldate = {2024-03-22},
	journal = {AIChE J},
	author = {Yuan, Z and Eden, M R},
	year = {2016},
	pages = {3155--3176},
}

@article{diab2019,
  author          = {Diab, S and Gerogiorgis, D I},
  journal         = {AIChE J},
  number          = {11},
  title           = {Technoeconomic mixed integer nonlinear programming {(MINLP)} optimization for design of liquid-liquid extraction {(LLE)} cascades in continuous pharmaceutical manufacturing of atropine},
  volume          = {65},
  year            = {2019},
  pages           = {1--20},
}

@book{baasal1989,
  author         = {Baasal, W D},
  publisher      = {Springer Dordrecht},
  title          = {Preliminary Chemical Engineering Plant Design},
  year           = {1989}
}

@book{garrett2012,
  author         = {Garrett, D E},
  publisher      = {Springer Dordrecht},
  title          = {Chemical Engineering Economics},
  year           = {2012}
}