@article{zhangkun1994,
  author     = {张昆 and 冯立群 and 余昌钰 and others},
  title      = {机器人柔性手腕的球面齿轮设计研究},
  journal    = {清华大学学报: 自然科学版},
  volume     = {34},
  number     = {2},
  pages      = {1--7},
  year       = {1994},
  key        = {zhang1 kun1},
}

@book{zhukezhen1973,
  author     = {竺可桢},
  title      = {物理学论},
  address    = {北京},
  publisher  = {科学出版社},
  year       = {1973},
  pages      = {56--60},
  key        = {zhu2 ke3 zhen1},
}

@inproceedings{dupont1974bone,
  author     = {Dupont, B},
  title      = {Bone marrow transplantation in severe combined immunodeficiency with an unrelated MLC compatible donor},
  editor     = {White, H J and Smith, R},
  booktitle  = {Proceedings of the third annual meeting of the International Society for Experimental Hematology},
  address    = {Houston},
  publisher  = {International Society for Experimental Hematology},
  year       = {1974},
  pages      = {44--46},
}

@mastersthesis{zhengkaiqing1987,
  author     = {郑开青},
  title      = {通讯系统模拟及软件},
  address    = {北京},
  school     = {清华大学无线电系},
  year       = {1987},
  key        = {zheng4 kai1 qing1},
}

@patent{jiangxizhou1980,
  author     = {姜锡洲},
  title      = {一种温热外敷药制备方案},
  address    = {中国},
  number     = {88105607.3},
  year       = {1980},
  date       = {1980-07-26},
  key        = {jiang1 xi1 zhou1},
}

@standard{jianduju1994,
  author     = {中华人民共和国国家技术监督局},
  title      = {GB3100-3102. 中华人民共和国国家标准-量与单位},
  address    = {北京},
  publisher  = {中国标准出版社},
  year       = {1994},
  key        = {zhong1 hua2 ren2 min2 gong4 he2 guo2},
}

@article{merkt1995rotational,
  author     = {Merkt, Fr{\'e}d{\'e}ric and Mackenzie, S R and Softley, Timothy P},
  title      = {Rotational Autoionization Dynamics in High Rydberg States of Nitrogen},
  journal    = {J Chem Phys},
  year       = {1995},
  volume     = {103},
  pages      = {4509--4518},
}

@article{mellinger1996laser,
  author     = {Mellinger, A and Vidal, C R and Jungen, {Ch}},
  title      = {Laser reduced fluorescence study of the carbon monoxide nd triplet Rydberg series - Experimental results and multichannel quantum defect analysis},
  journal    = {J Chem Phys},
  year       = {1996},
  volume     = {104},
  pages      = {8913--8921},
}

@article{bixon1996dynamics,
  author     = {Bixon, M and Jortner, Joshua},
  title      = {The dynamics of predissociating high {Rydberg} states of {NO}},
  journal    = {J Chem Phys},
  year       = {1996},
  volume     = {105},
  pages      = {1363--1382},
}

@article{mahui1995,
  author     = {马辉 and 李俭 and 刘耀明 and others},
  title      = {利用 {REMPI} 方法测量 {BaF} 高里德堡系列光谱},
  journal    = {化学物理学报},
  year       = {1995},
  volume     = {8},
  pages      = {308--311},
  key        = {ma3 hui1},
}

@article{carlson1981two,
  author     = {Carlson, N W and Taylor, A J and Jones, K M and Schawlow, A L},
  title      = {Two-step polarization-labeling spectroscopy of excited states of {Na2}},
  journal    = {Phys Rev A},
  year       = {1981},
  volume     = {24},
  pages      = {822--834},
}

@article{taylor1983scanning,
  author     = {Taylor, A J and Jones, K M and Schawlow, A L},
  title      = {Scanning pulsed-polarization spectrometer applied to {Na2}},
  journal    = {J Opt Soc Am},
  year       = {1983},
  volume     = {73},
  pages      = {994--998},
}

@article{taylor1981study,
  author     = {Taylor, A J and Jones, K M and Schawlow, A L},
  title      = {A study of the excited {1$\Sigma$g+} states in {Na2}},
  journal    = {Opt Commun},
  year       = {1981},
  volume     = {39},
  pages      = {47--50},
}

@article{shimizu1983laser,
  author     = {Shimizu, Kazuko and Shimizu, Fujio},
  title      = {Laser induced fluorescence spectra of the a {3$\Pi$u--X 1$\Sigma$g+} band of {Na2} by molecular beam},
  journal    = {J Chem Phys},
  year       = {1983},
  volume     = {78},
  pages      = {1126--1131},
}

@article{atkinson1982experimental,
  author     = {Atkinson, J B and Becker, J and Demtr{\"o}der, W},
  title      = {Experimental observation of the a {3$\Pi$u} state of {Na2}},
  journal    = {Chem Phys Lett},
  year       = {1982},
  volume     = {87},
  pages      = {92--97},
}

@article{kusch1975perturbations,
  author     = {Kusch, P and Hessel, M M},
  title      = {Perturbations in the A {1$\Sigma$u+} state of {Na2}},
  journal    = {J Chem Phys},
  year       = {1975},
  volume     = {63},
  pages      = {4087--4088},
}

@book{guangxi1993,
  author     = {广西壮族自治区林业厅},
  title      = {广西自然保护区},
  address    = {北京},
  publisher  = {中国林业出版社},
  year       = {1993},
  key        = {guang3 xi1 zhuang4 zu2 zi4 zhi4 qu1},
}

@book{huosini1989guwu,
  author     = {霍斯尼},
  title      = {谷物科学与工艺学原理},
  translator = {李庆龙},
  edition    = {2},
  address    = {北京},
  publisher  = {中国食品出版社},
  year       = {1989},
  pages      = {15--20},
  key        = {huo4 si1 ni2},
}

@book{wangfuzhi1865songlun,
  author     = {王夫之},
  title      = {宋论},
  edition    = {刻本},
  address    = {金陵},
  publisher  = {曾氏},
  year       = {1865（清同治四年）},
  key        = {wang2 fu1 zhi1},
}

@book{zhaoyaodong1998xinshidai,
  author     = {赵耀东},
  title      = {新时代的工业工程师},
  address    = {台北},
  publisher  = {天下文化出版社},
  year       = {1998},
  urldate    = {1998-09-26},
  url        = {http://www.ie.nthu.edu.tw/info/ie.newie.htm},
  key        = {zhao4 yao4 dong1},
}

@standard{biaozhunhua2002tushu,
  author     = {全国信息与文献工作标准化技术委员会出版物格式分委员会},
  title      = {GB/T 12450-2001 图书书名页},
  address    = {北京},
  publisher  = {中国标准出版社},
  year       = {2002},
  pages      = {1},
  key        = {quan2 guo2 xin4 xi1},
}

@book{chubanzhuanye2004,
  author     = {全国出版专业职业资格考试办公室},
  title      = {全国出版专业职业资格考试辅导教材: 出版专业理论与实务•中级},
  edition    = {2014},
  address    = {上海},
  publisher  = {上海辞书出版社},
  year       = {2004},
  pages      = {299--307},
  key        = {quan2 guo2 chu1 ban3 ye4},
}

@techreport{who1970factors,
  author     = {{World Health Organization}},
  title      = {Factors Regulating the Immune Response: Report of {WHO Scientific Group}},
  address    = {Geneva},
  publisher  = {WHO},
  year       = {1970},
}

@book{peebles2001probability,
  author     = {Peebles, Jr, Peyton Z.},
  title      = {Probability, Random Variables, and Random Signal Principles},
  edition    = {4},
  address    = {New York},
  publisher  = {McGraw Hill},
  year       = {2001},
}

@incollection{baishunong1998zhiwu,
  author     = {白书农},
  title      = {植物开花研究},
  editor     = {李承森},
  booktitle  = {植物科学进展},
  address    = {北京},
  publisher  = {高等教育出版社},
  year       = {1998},
  pages      = {146--163},
  key        = {bai2 shu1 nong2},
}

@incollection{weinstein1974pathogenic,
  author     = {Weinstein, L and Swertz, M N},
  title      = {Pathogenic Properties of Invading Microorganism},
  editor     = {Sodeman, Jr, William A and Sodeman, William A},
  booktitle  = {Pathologic physiology: mechanisms of disease},
  address    = {Philadelphia},
  publisher  = {Saunders},
  year       = {1974},
  pages      = {745--772},
}

@inproceedings{hanjiren1985lun,
  author     = {韩吉人},
  title      = {论职工教育的特点},
  editor     = {中国职工教育研究会},
  booktitle  = {职工教育研究论文集},
  address    = {北京},
  publisher  = {人民教育出版社},
  year       = {1985},
  pages      = {90--99},
  key        = {han2 ji2 ren2},
}

@periodical{dizhi1936dizhi,
  author     = {中国地质学会},
  title      = {地质评论},
  year       = {1936},
  volume     = {1},
  number     = {1},
  address    = {北京},
  publisher  = {地质出版社},
  key        = {zhong1 guo2 di4 zhi3 xue2 hui4},
}

@periodical{tushuguan1957tushuguanxue,
  author     = {中国图书馆学会},
  title      = {图书馆学通讯},
  year       = {1957/1990},
  number     = {1--4},
  address    = {北京},
  publisher  = {北京图书馆},
  key        = {zhong1 guo2 tu2 shu1 guan3 xue2 hui4},
}

@periodical{aaas1883science,
  author     = {{American Association for the Advancement of Science}},
  title      = {Science},
  year       = {1883},
  volume     = {1},
  number     = {1},
  address    = {Washington, D.C.},
  publisher  = {American Association for the Advancement of Science},
}

@newspaper{fugang2000fengsha,
  author     = {傅刚 and 赵承 and 李佳路},
  title      = {大风沙过后的思考},
  journal    = {北京青年报},
  year       = {2000},
  date       = {2000-04-12},
  number     = {14},
  urldate    = {2002-03-06},
  url        = {http://www.bjyouth.com.cn/Bqb/20000412/B/4216%5ED0412B1401.htm},
  key        = {fu4 gang1},
}

@online{xiaoyu2001chubanye,
  author     = {萧钰},
  title      = {出版业信息化迈入快车道},
  year       = {2001},
  date       = {2001-12-19},
  urldate    = {2002-04-15},
  url        = {http://www.creader.com/news/20011219/200112190019.htm},
  key        = {xiao1 yu4},
}

@online{oclc2000about,
  author     = {{Online Computer Library Center, Inc}},
  title      = {About {OCLC}: History of Cooperation},
  year       = {2000},
  urldate    = {2000-01-08},
  url        = {http://www.oclc.org/about/cooperation.en.htm},
}

@software{scitor2000project,
  author     = {{Scitor Corporation}},
  title      = {Project scheduler},
  address    = {Sunnyvale, Calif.},
  publisher  = {Scitor Corporation},
  year       = {1983},
  medium     = {DK},
}

@article{plumb2005,
  author     = {Plumb K},
  title      = {Continuous processing in the pharmaceutical industry: changing the mind set},
  journal    = {Chem Eng Res Des},
  year       = {2005},
  volume     = {83},
  number     = {6},
  pages      = {730--738},
}

@article{singh2012,
  author     = {Singh R, Ierapetritou M, Ramachandran R},
  title      = {Continuous processing in the pharmaceutical industry: changing the mind set},
  journal    = {Int J Pharm},
  year       = {2012},
  volume     = {438},
  number     = {1--2},
  pages      = {307--326},
}

@article{cole2018,
  author     = {Cole K P, Johnson M D},
  title      = {Continuous flow technology vs. the batch-by-batch approach to produce pharmaceutical compound},
  journal    = {Expert Rev Clin Pharmacol},
  year       = {2018},
  volume     = {11},
  number     = {1},
  pages      = {5--13},
}

@article{markarian2021,
  author     = {Markarian J},
  title      = {Advanced Manufacturing Technologies Shift Outside the Box},
  journal    = {Pharm Tech},
  year       = {2021},
  volume     = {45},
  number     = {4},
  pages      = {16--19},
}

@book{smith1995,
  author     = {Smith R, Smith R},
  title      = {Chemical Process Design},
  address    = {New York},
  publisher  = {McGraw Hill},
  year       = {1995},
}

@article{pisti1995,
  author     = {Pistikopoulos E N},
  title      = {Uncertainty in process design and operations},
  journal    = {Chem Eng Res Des},
  year       = {1995},
  volume     = {19},
  pages      = {553--563},
}

@article{ulas2004,
  author = {Ulas S, Diwekar U M},
	title = {Thermodynamic uncertainties in batch processing and optimal control},
	volume = {28},
	number = {11},
	journal = {Comput \& Chem Eng},
	year = {2004},
	pages = {2245--2258},
}

@article{borukhova2016,
	title = {From alcohol to 1,2,3-triazole via a multi-step continuous-flow synthesis of a rufinamide precursor},
	volume = {18},
	number = {18},
	journal = {Green Chem},
	author = {Borukhova S, Noel T, Metten E, Hessel V},
	year = {2016},
	pages = {4947--4953},
}

@article{diab2018,
  author = {Diab S, Gerogiorgis D I},
	title = {Process modelling, simulation and technoeconomic evaluation of crystallisation antisolvents for the continuous pharmaceutical manufacturing of rufinamide},
	volume = {111},
	journal = {Comput \& Chem Eng},
	year = {2018},
	pages = {102--114},
}

@article{ryu2020,
	title = {A generalized superstructure-based framework for process synthesis},
	volume = {133},
	journal = {Comput \& Chem Eng},
	author = {Ryu J, Kong L, Pastore D L, Arthur E, Maravelias C T},
	year = {2020},
	pages = {106653},
}

@article{westerberg2004,
	title = {A retrospective on design and process synthesis},
	volume = {28},
	number = {4},
	journal = {Comput \& Chem Eng},
	author = {Westerberg A W},
	year = {2004},
	pages = {447--458},
}

@article{matsunami2020,
	title = {Superstructure-based process synthesis and economic assessment under uncertainty for solid drug product manufacturing},
	volume = {2},
	number = {1},
	journal = {BMC Chem Eng},
	author = {Matsunami K, Sternal F, Yaginuma K, Tanabe S, Nakagawa H, Sugiyama H},
	year = {2020},
	pages = {6},
}

@article{papoulias1983,
	title = {A structural optimization approach in process synthesis-{I}: {Utility} systems},
	volume = {7},
	shorttitle = {A structural optimization approach in process synthesis-{I}},
	number = {6},
	journal = {Comput \& Chem Eng},
	author = {Papoulias S A, Grossmann I E},
	year = {1983},
	pages = {695--706},
}


@book{osti_293030,
    title = {Systematic methods for chemical process design},
    author = {Biegler L T, Grossmann I E, Westerberg A W},
    address = {United States},
    year = {1997},
}

@article{masso1969,
	title = {The synthesis of system designs. {II}. {Heuristic} structuring},
	volume = {15},
    number = {1},
	journal = {AIChE J},
	author = {Masso A H, Rudd D F},
	year = {1969},
	pages = {10--17},
}

@article{mencarelli2020,
	title = {A review on superstructure optimization approaches in process system engineering},
	volume = {136},
	journal = {Comput \& Chem Eng},
	author = {Mencarelli L, Chen Q, Pagot A, Grossmann I E},
	year = {2020},
	pages = {106808},
}

@article{umeda1972,
  author          = {Umeda T, Hirai A, Ichikawa A},
  journal         = {Chem Eng Sci},
  number          = {4},
  title           = {Synthesis of optimal processing system by an integrated approach},
  volume          = {27},
  year            = {1972}
}

@article{ahmetovic2011,
  title={Global superstructure optimization for the design of integrated process water networks},
  author={Ahmetovi{\'c} E, Grossmann I E},
  journal={AIChE J},
  volume={57},
  number={2},
  pages={434--457},
  year={2011},
}

@article{madenoor2018,
  author          = {Madenoor Ramapriya G, Won W, Maravelias C T},
  journal         = {Chem Eng Res Des},
  title           = {A superstructure optimization approach for process synthesis under complex reaction networks},
  volume          = {137},
  year            = {2018},
  page            = {589--608}
}

@article{barnicki2004,
	title = {Process synthesis prospective},
	volume = {28},
	number = {4},
	journal = {Comput \& Chem Eng},
	author = {Barnicki S D, Siirola J J},
	year = {2004},
	pages = {441--446},
}

@article{yeoman1999,
	title = {A systematic modeling framework of superstructure optimization in process synthesis},
	volume = {23},
	number = {6},
	journal = {Comput \& Chem Eng},
	author = {Yeomans H, Grossmann I E},
	year = {1999},
	pages = {709--731},
}

@article{kondili1993,
	title = {A general algorithm for short-term scheduling of batch operations-{I}. {MILP} formulation},
	volume = {17},
	number = {2},
	journal = {Comput \& Chem Eng},
	author = {Kondili E, Pantelides C C, Sargent R W H},
	year = {1993},
	pages = {211--227},
}

@article{manuelrestrepo2021,
	title = {Advanced fuels from ethanol - a superstructure optimization approach},
	volume = {14},
	number = {1},
	urldate = {2024-03-22},
	journal = {Ener \& Environ Sci},
	author = {Manuel Restrepo-Fl{\'o}rez, J, Maravelias C T},
	year = {2021},
	pages = {493--506},
}

@article{kilinc2018,
	title = {Exploiting integrality in the global optimization of mixed-integer nonlinear programming problems with {BARON}},
	volume = {33},
	number = {3},
	urldate = {2024-03-22},
	journal = {Optim Method \& Softw},
	author = {Kilinc M R, Sahinidis N V},
    year   = {2018},
	pages = {540--562},
}

@article{turkey1996,
  author          = {Turkay M, Grossmann I E},
  journal         = {Comput \& Chem Eng},
  number          = {8},
  title           = {Logic-based MINLP algorithms for the optimal synthesis of process networks},
  volume          = {20},
  year            = {1996},
  pages           = {959--978},
}
